%% Insert your bibliography here

@article{Ketter2016,
    title = {{A Multiagent Competitive Gaming Platform to Address Societal Challenges}},
    year = {2016},
    journal = {MIS Quarterly},
    author = {Ketter, Wolfgang and Peters, Markus and Collins, John},
    number = {2},
    pages = {447--460},
    volume = {40},
    isbn = {02767783},
    doi = {10.25300/MISQ/2016/40.2.09},
    issn = {02767783},
    }